@Article{Alencar2007,
  author       = {Alencar, Luciana Hazin and de Almeida, Adiel Teixeira and Mota, Caroline Maria{ }de Miranda},
  title        = {Sistemática proposta para seleção de fornecedores em gestão de projetos},
  journal      = {Gestão {\&} Produção},
  publisher    = {Universidade Federal de São Carlos (UFSCar)},
  volume       = {14},
  number       = {3},
  pages        = {477--487},
  year         = {2007},
  month        = dec,
  doi          = {10.1590/s0104-530x2007000300005},
  issn         = {0104-530X},
}

@book{lee2019inteligencia,
  title={Intelig{\^e}ncia artificial},
  author={Lee, Kai-Fu},
  year={2019},
  publisher={Globo livros}
}

@Book{Kalakota2002,
  author       = {Kalakota, Ravi and Robinson, Marcia},
  title        = {E-Business},
  subtitle     = {Estratégias para Alcançar o Sucesso no Mundo Digital},
  publisher    = {Bookman},
  address      = {Porto Alegre, RS},
  edition      = {2},
  pagetotal    = {470},
  year         = {2002},
  isbn         = {9788573078756},
}

@InBook{Carvalho2004,
  author       = {de Carvalho, Valter Rodrigues},
  title        = {Qualidade de Vida no Trabalho},
  bookauthor   = {Oliveira, O. J.},
  booktitle    = {Gestão da Qualidade},
  booksubtitle = {Tópicos Avançados},
  publisher    = {Cengage Learning},
  address      = {São Paulo, SP},
  chapter      = {11},
  pages        = {159--168},
  year         = {2004},
  isbn         = {9788522113897},
}

@InProceedings{Ramos2003,
  author       = {Ramos, Anatália Saraiva Martins and Miranda, Ana Lúcia Brenner},
  title        = {Processo de adoção de um sistema integrado de gestão (ERP)},
  subtitle     = {uma pesquisa qualitativa com gestores da Unimed/Natal},
  booktitle    = {Anais [\ldots].},
  eventtitle   = {Encontro Nacional de Engenharia de Produção (ENEGEP)},
  eventdate    = {2003-10},
  organization = {Universidade Federal de Ouro Preto (UFOP)},
  publisher    = {Associação Brasileira de Engenharia de Produção (ABEPRO)},
  address      = {Rio de Janeiro, RJ},
  venue        = {Ouro Preto, MG},
  number       = {23},
  pages        = {1--8},
  year         = {2003},
  url          = {http://www.abepro.org.br/biblioteca/ENEGEP2003_TR0903_1652.pdf},
  urldate      = {2023-12-05},
  note         = {Paper ID: ENEGEP2003-TR0903-1652},
}

@MastersThesis{Purcidonio2008,
  author       = {Purcidonio, Paula Michelle},
  title        = {Práticas de gestão do conhecimento em arranjo produtivo local},
  subtitle     = {o setor moveleiro de Arapongas {\textemdash} PR},
  eventdate    = {2008-02},
  school       = {Universidade Tecnológica Federal do Paraná},
  address      = {Ponta Grossa, PR},
  pagetotal    = {153},
  year         = {2008},
  url          = {http://repositorio.utfpr.edu.br/jspui/handle/1/3661},
  urldate      = {2023-12-05},
  type         = {Dissertação (Mestrado em Engenharia de Produção)},
}

@Misc{Beltrano2021,
  author       = {Beltrano, P.},
  title        = {Título do trabalho do Beltrano},
  editor       = {Sicrano, P.},
  year         = {2021},
}

@Misc{Fulano2021,
  author       = {Fulano, P.},
  title        = {Título do trabalho do Fulano},
  editor       = {Beltrano, P.},
  year         = {2021},
}

@Misc{UTFPR2018,
  author       = {UTFPR},
  title        = {Fachada campus Ponta Grossa},
  howpublished = {Portal da Universidade Tecnológica Federal do Paraná (UTFPR)},
  address      = {Ponta Grossa, PR},
  year         = {2018},
  url          = {http://portal.utfpr.edu.br/comunicacao/galeria-de-fotos/},
  urldate      = {2023-12-05},
  note         = {Galeria de fotos},
}

@Book{knuth:84,
  author = 	 {Donald E. Knuth},
  title = 	 {The {\TeX} Book},
  publisher = 	 {Addison-Wesley},
  year = 	 {1984},
  edition = 	 {15th},
}

@InCollection{boulic:91,
  author = 	 {R. Boulic and O. Renault},
  title = 	 {3D Hierarchies for Animation},
  booktitle = 	 {New Trends in Animation and Visualization},
  publisher =    {John Wiley {\&} Sons ltd.},
  year = 	 {1991},
  editor = 	 {Nadia Magnenat-Thalmann and Daniel Thalmann},
}

@InCollection{smith:99,
  author = 	 {A. Smith and B. Jones},
  title = 	 {On the Complexity of Computing},
  booktitle = 	 {Advances in Computer Science},
  pages = 	 {555--566},
  publisher =    {Publishing Press},
  year = 	 {1999},
  editor = 	 {A. B. Smith-Jones},
}

@PhdThesis{Andujar2006,
  author       = {Andujar, Andrea Martins},
  title        = {Modelo de qualidade de vida dentro dos domínios bio-psico-social para aposentados},
  eventdate    = {2006-05},
  school       = {Universidade Federal de Santa Catarina},
  address      = {Florianópolis, SC},
  pagetotal    = {206},
  year         = {2006},
  url          = {http://repositorio.ufsc.br/xmlui/handle/123456789/88517},
  urldate      = {2023-12-05},
  type         = {Tese (Doutorado em Engenharia de Produção)},
}

@Comment{jabref-meta: databaseType:biblatex;}
@ARTICLE {bgci,
author  = "BGCI",
title   = "State of the World’s Trees.",
journal = "Botanic Gardens Conservation International",
year    = "2021"
}

@techreport{atlas-mata-atlantica,
author      = {{SOS Mata Atlântica et al.}},
title       = {{Atlas dos remanescentes florestais da Mata Atlântica}},
year        = {2022},
institution = {SOS Mata Atlântica},
address     = {São Paulo},
}

@techreport{mapbiomas,
author        = {{MapBiomas,}},
title         = {{Mapeamento Anual de Cobertura e Uso da Terra na Mata Atlântica - Coleção 6}},
year          = {2021},
institution   = {SOS Mata Atlântica},
howpublished  = {\url{https://mapbiomas-br-site.s3.amazonaws.com/Fact-Sheet-Mata-Atlantica.pdf}},
note          = {Acessado em 01/06/2023},
}
@online{agenda2030,
title        = {{A Agenda 2030 para o Desenvolvimento Sustentável}},
author       = {{AGENDA 2030,}},
year         = {2015},
url          = {http://www.agenda2030.org.br/sobre/},
urldate      = {01 de junho de 2023},
}

@article{mcculloch1943logical,
title={A logical calculus of the ideas immanent in nervous activity},
author={McCulloch, Warren S and Pitts, Walter},
journal={The bulletin of mathematical biophysics},
volume={5},
pages={115--133},
year={1943},
publisher={Springer}
}

@article{faceli2011inteligencia,
title={Intelig{\^e}ncia artificial: uma abordagem de aprendizado de m{\'a}quina},
author={Faceli, Katti and Lorena, Ana Carolina and Gama, Jo{\~a}o and Carvalho, Andr{\'e} Carlos Ponce de Leon Ferreira de},
year={2011}
}

@book{goodfellow2016deep,
title={Deep learning},
author={Goodfellow, Ian and Bengio, Yoshua and Courville, Aaron},
year={2016},
publisher={MIT press}
}

@inproceedings{de2020plantai,
title={PlantAI: Aplicativo de classifica{\c{c}}{\~a}o e localiza{\c{c}}{\~a}o de plantas em risco de extin{\c{c}}{\~a}o na Mata Atl{\^a}ntica},
author={de Souza, Felipe and Bertoti, Giuliano and dos Santos, Rafael and Muralikrishna, Amita and Carlos, Felipe and Almeida, Adriano and Neto, Helvecio L},
booktitle={Anais do XI Workshop de Computa{\c{c}}{\~a}o Aplicada {\`a} Gest{\~a}o do Meio Ambiente e Recursos Naturais},
pages={1--10},
year={2020},
organization={SBC}
}

@article{carneiro2023uso,
title={Uso de geotecnologias para mapeamento da peroba-rosa (Aspidosperma polyneuron M{\"u}ll. Arg)},
author={Carneiro, Let{\'\i}cia da Silva},
year={2023}
}

@MISC {mma2022,
author       = "MMA",
title        = "Lista Nacional de Espécies Ameaçadas de Extinção.",
howpublished = "https://cutt.ly/KwwViyWA",
year         = "2022",
note         = "PORTARIA MMA Nº 148, DE 7 DE JUNHO DE 2022. Acessado em 01/06/2023."
}

@MISC {mma2014,
author       = "MMA",
title        = "Lista Nacional Oficial de Espécies da Flora Ameaçadas de Extinção",
howpublished = "https://cutt.ly/4wwVu8eG",
year         = "2014",
note         = "Portaria MMA nº 443, de 17 de dezembro de 2014. Acessado em 01/06/2023"
}
@MISC {mma20142,
author       = "MMA",
title        = " Programa Nacional de Conservação das Espécies Ameaçadas
de Extinção - Pró-Espécies",
howpublished = "https://cutt.ly/bwwVuYT4",
year         = "2014",
note         = "Portaria MMA nº 43, de 31 de janeiro de 2014. Acessado em 01/06/2023"
}

@book{iucn-redlist,
author    = {{IUCN}},
title     = {{IUCN Red List Categories and Criteria: Version 3.1}},
edition   = {Second},
year      = {2012},
address   = {Gland, Switzerland and Cambridge, UK},
publisher = {{IUCN}},
pages     = {iv + 32},
}

@book{teorey2007,
author    = {Teorey, Toby and Lightstone, Sam and Nadeau, Tom},
title     = {Projeto e Modelagem de Banco de Dados},
year      = {2007},
edition   = {4},
publisher = {Campus},
}

@misc{oracle-docs,
title = {{Oracle Documentation}},
howpublished = {\url{https://docs.oracle.com/}},
note = {último acesso: 31 de maio de 2023}
}

@article{figmaapi,
title = {Figma Developers API},
journal = {Web site: \url {https://www.figma.com/developers/api#intro}},
note = {último acesso: 31 de maio de 2023}
}

@article{ascencio2010,
title={Estruturas de Dados: algoritmos, an{\'a}lise da complexidade e implementa{\c{c}}{\~o}es em JAVA e C/C++},
author={ASCENCIO, Ana Fernanda Gomes and ARA{\'U}JO, Graziela Santos de},
journal={S{\~a}o Paulo: Perarson Prentice Halt},
volume={3},
year={2010}
}

@article{costa2022metodologias,
  author = {Costa, Pedro Paulo Santana and Donato, Mariana and Marins, Joyce and Cunha, Vanice and Reis, Saulo},
  title = {Metodologias {\'a}geis baseadas em SCRUM: uma revis{\~a}o sistem{\'a}tica da literatura},
  year = {2022}
}

@article{seguin2022little,
title = {The Little MongoDB Book},
author = {Seguin, Karl},
journal = {Web site: \url{https://github.com/mongodb-developer/the-little-mongodb-book}},
year = {2022},
note = {Acessado em 5 de Outubro de 2023},
}
@article{AWSNoSQL,
author = {{Amazon Web Services}},
title = {{AWS NoSQL}},
year = {2023},
journal = {Web site: \url {https://aws.amazon.com/pt/nosql}},
note = {Acessado em 5 de Outubro de 2023}
}

@article{MDSJavaScript,
author = {{Mozilla Developer Network}},
title = {Documentação do JavaScript na MDN},
journal = {Web site: \url {https://developer.mozilla.org/pt-BR/docs/Web/JavaScript}},
organization = {Mozilla Developer Network},
note = {Acessado em 5 de outubro de 2023},
year = {2023}
}

@BOOK {souza2015,
author = "Marcio Ballem de Souza",
title = {Desvendando o MongoDB. Do Mongo Shell ao Java Driver},
publisher = {Editora Ciência Moderna},
year = {2015}
}
@article{SIRGAS2023,
author = "SIRGAS",
title = "SIRGAS - Sistema de Referência Geodésico para as Américas",
journal = {Web site: \url {https://sirgas.ipgh.org/pt/home-pt/}},
note = {Acessado em 5 de outubro de 2023},
}

@online{PythonDocumentation,
title = {Doc. Python},
url = {https://docs.python.org/pt-br/3.11/},
organization = {Python Software Foundation},
note = {Acessado em 5 de outubro de 2023},
year = {2023}
}

@article{schwaber2013guia,
title={Um guia definitivo para o Scrum: As regras do jogo},
author={Schwaber, Ken and Sutherland, Jeff},
journal={Processo de Desenvolvimento de Software},
year={2013}
}

@online{opencv-tutorial,
author = {{OpenCV Documentation}},
title = {{Geometric Transformations of Images}},
howpublished = {\url{https://docs.opencv.org/3.4/da/d6e/tutorial_py_geometric_transformations.html}},
note = {Acesso em: 10/11/2023}
}

@online{noaa,
author = {{National Oceanic and Atmospheric Administration}},
title = {{Magnetic Declination Estimated Value}},
url = {https://www.ngdc.noaa.gov/geomag/calculators/magcalc.shtml},
note = {Acesso em: 10/11/2023}
}

@article{hidrograficos2020agulhas,
title={Agulhas magn{\'e}ticas virtuais e seu emprego na navega{\c{c}}{\~a}o},
author={Lage, J.P.R},
journal={Anais Hidrogr{\'a}ficos},
volume={76},
number={1},
pages={140--149},
year={2020}
}

@online{identificacao-flora,
author = {{FRANÇA, L.G.G and MATSUMURA, R.K.K and RIBEIRO, V.C}},
title = {{SISTEMA WEB PARA IDENTIFICAÇÃO DE FLORA POR IMAGEAMENTO AÉREO POR VISÃO COMPUTACIONAL}},
year = {2023},
howpublished = {\url{https://github.com/fuzilo/VeridiOculi.git}},
note = {Acesso em: Data de Acesso}
}

@online{netflora,
author = {{Embrapa Agroenergia}},
title = {{Netflora: Guia prático para detecção de espécies florestais a partir de imagens de drones e inteligência artificial}},
year = {2024},
url = {https://github.com/NetFlora/Netflora},
note = {Empresa Brasileira de Pesquisa Agropecuária. Parque Estação Biológica - PqEB, s/nº, Brasília, DF.},
urldate = {02 de maio de 2024},
}

@online{embrapa_agroenergia,
author = {{Embrapa Agroenergia}},
title = {{MacView}},
year = {2024},
url = {https://sistemas.cnpae.embrapa.br/macview/inicial/},
note = {Empresa Brasileira de Pesquisa Agropecuária. Parque Estação Biológica - PqEB, s/nº, Brasília, DF.},
urldate = {02 de maio de 2024},
}

@article{carvalho2006embauba,
title={Emba{\'u}ba: Cecropia pachystachya.},
author={CARVALHO, PER},
year={2006},
publisher={In: CARVALHO, PER Esp{\'e}cies arb{\'o}reas brasileiras. Bras{\'\i}lia, DF: Embrapa~…}
}

@article{de2021avaliaccao,
title={Avalia{\c{c}}{\~a}o do potencial antimicrobiano do extrato Etan{\'o}lico de Folhas da Cecropia pachystachya t.(Emba{\'u}ba)},
author={de Andrade, Beatriz Rayana Dam{\'a}sio and da Costa Silva, Athila and de Souza, Jaqueline Barbosa and da Silva, Luana Bastos and de Fran{\c{c}}a Silva, Mayara Paes and Alves, Rayssa Rosendo and da Silva, Maria Luiza Ribeiro Bastos},
journal={Research, Society and Development},
volume={10},
number={10},
pages={e85101018679--e85101018679},
year={2021}
}

@misc{flask-docs,
  title = {Flask Documentation},
  author = {{Pallets Projects}},
  year = {2024},
  note = {\url{https://flask.palletsprojects.com/en/stable/}. Accessed: 2024-05-04}
}

@article{nogueira2002elaboraccao,
title={Elabora{\c{c}}{\~a}o e an{\'a}lise de question{\'a}rios: uma revis{\~a}o da literatura b{\'a}sica e a aplica{\c{c}}{\~a}o dos conceitos a um caso real},
author={Nogueira, Roberto},
journal={Relat{\'o}rios Coppead},
year={2002},
publisher={Universidade Federal do Rio de Janeiro}
}

@misc{tensorflow_sparse_categorical_crossentropy,
  title = {tf.keras.losses.SparseCategoricalCrossentropy},
  author = {{TensorFlow Documentation}},
  year = {2023},
  url = {https://www.tensorflow.org/api_docs/python/tf/keras/losses/SparseCategoricalCrossentropy},
  note = {Accessed: 2023-11-11}
}

@misc{tensorflow_relu_activation,
  title = {tf.keras.activations.relu},
  author = {{TensorFlow Documentation}},
  year = {2023},
  url = {https://www.tensorflow.org/api_docs/python/tf/keras/activations/relu},
  note = {Accessed: 2023-11-11}
}

@misc{tensorflow_training_loop_from_scratch,
  title = {Writing a training loop from scratch},
  author = {{TensorFlow Documentation}},
  year = {2023},
  url = {https://www.tensorflow.org/guide/keras/writing_a_training_loop_from_scratch?hl=pt-br},
  note = {Accessed: 2023-11-11}
}